3136 5220
759 567 796 577 -
820 529 861 593 42
881 566 919 578 ..

335 672 446 741 v1deri
461 670 572 759 possit
591 672 650 745 aut
665 668 870 755 excogitari.
889 669 993 755 Atqui
1008 687 1065 737 res
1083 671 1230 743 caeteras
1248 669 1342 763 ignis

335 787 524 861 mobilitate
540 783 727 867 antecellit.
743 786 837 869 Ergo
855 784 949 871 ignis
961 785 1025 853 erit
1040 785 1215 853 universis
1229 788 1344 859 motus

334 900 520 991 corporale
536 898 775 982 substratum,
795 904 899 987 atque
912 905 1064 989 propter
1087 902 1164 983 hoc,
1187 901 1343 969 universi

335 1038 442 1091 causa
454 1019 587 1101 mundi.
607 1045 621 1078 »

379 1136 453 1245 Est·
474 1136 584 1223 igitur
611 1135 705 1219 ignis
732 1134 873 1201 effector
897 1137 1012 1201 motus
1045 1134 1344 1219 mutationumque

336 1253 501 1321 omnium.
540 1254 693 1318 Mutatur
722 1269 806 1317 vero
836 1251 972 1337 etipse
1000 1251 1094 1335 ignis
1124 1251 1216 1336 quod
1244 1253 1347 1317 antea

336 1370 447 1467 patuit
464 1389 508 1435 ex
530 1367 704 1435 Clemente
725 1369 828 1452 atque
847 1365 1045 1435 Plutarcho.
1061 1370 1115 1447 At,
1136 1367 1165 1434 si
1181 1371 1345 1441 mutatur,

286 1504 290 1514 ·
335 1487 372 1574 in
395 1504 552 1552 errorem
577 1483 741 1550 incidisse
761 1501 826 1550 nos
850 1482 1023 1549 fateamur
1042 1503 1186 1551 necesse
1207 1487 1271 1562 est,
1290 1483 1348 1568 qui

337 1603 456 1695 ignem
483 1601 581 1667 illum
611 1599 820 1666 elementum
848 1618 1060 1686 causamque
1093 1600 1347 1687 vocaverimus.

338 1709 448 1787 Omne
466 1719 560 1785 enim
572 1717 665 1803 quod
681 1716 842 1801 principii
855 1715 913 1792 vel,
924 1715 1085 1784 elementi
1097 1717 1173 1784 loco
1187 1717 1346 1795 habetur,

339 1855 410 1902 nou
437 1828 511 1901 sine
532 1833 682 1918 quadam
709 1831 895 1898 stabilitate
921 1821 1075 1917 intelligi
1098 1833 1210 1914 debet,
1226 1834 1267 1903 'et
1283 1833 1347 1909 ali-

340 1951 422 2042 quid
440 1948 608 2015 immutati
628 1949 781 2015 retinens
801 1949 837 2014 in
860 1967 898 2015 se
919 1969 1013 2035 :quo
1040 1969 1219 2028 concesse,
1243 1968 1347 2034 quum

339 2067 472 2134 moveri
489 2066 606 2134 omnia
632 2065 796 2132 dictitarit
812 2065 996 2153 Ephesius,
1026 2067 1234 2145 sententiam
1259 2066 1349 2149 hano

128 2238 130 2246 .
218 2255 224 2265 ,
280 2252 285 2263 ,
339 2185 383 2251 ad
400 2185 550 2251 litteram
565 2183 723 2268 accipere
739 2202 810 2249 non
826 2168 957 2250 deceat.
977 2186 1065 2261 ,Quae
1082 2202 1188 2268 quum
1203 2183 1251 2265 ita
1266 2182 1346 2269 sint,

255 2380 258 2385 ,
299 2353 304 2361 .
339 2300 615 2385 controversiam
640 2300 740 2377 nobis
767 2299 948 2373 instituere
973 2300 1097 2386 placet,
1124 2303 1174 2378 ut,
1207 2319 1250 2365 en
1276 2298 1347 2389 illa,

339 2417 469 2485 claram
488 2417 525 2483 in
544 2416 658 2483 lucem
680 2415 879 2515 proteratur
900 2433 978 2499 quae
1009 2434 1095 2493 vera
1118 2412 1222 2501 fuerit
1247 2414 1348 2501 hera-

237 2603 239 2608 ,
339 2533 431 2600 clitei
448 2533 610 2619 principii
629 2534 766 2610 natura.

385 2650 526 2729 subtilis
554 2653 670 2716 autem
701 2649 842 2735 quidam
869 2649 905 2713 in
930 2649 1120 2729 Germania
1141 2648 1347 2735 disputator,
1399 2738 1402 2742 .

340 2771 443 2857 atque
476 2766 514 2830 in
544 2765 739 2831 cavillando
765 2752 1014 2850 peritissimus
1046 2754 1282 2851 conjecturam
1307 2766 1349 2839 de

341 2880 515 2948 Heraclito
546 2882 637 2968 cepit
665 2901 792 2948 novam
821 2901 967 2967 prorsus
996 2887 1160 2969 eiusque
1187 2883 1232 2950 ad
1261 2882 1354 2951 huuc

307 3034 311 3041 ·
343 2994 434 3064 diem
451 2996 654 3081 inauditam.
670 3001 703 3065 Is
717 2998 834 3078 enim,
855 3017 963 3083 quum
995 2998 1039 3068 de
1069 2999 1219 3086 Ephesio
1244 2999 1354 3081 medi-

339 3108 446 3196 tatur,
463 3102 688 3201 hegelianum
703 3116 820 3195 nescio
835 3116 917 3201 quid
933 3115 1120 3195 odoratur,
1133 3117 1169 3182 in
1184 3117 1251 3193 illis
1270 3120 1359 3185 totus

341 3233 467 3318 quibus
499 3232 542 3298 ad
580 3232 829 3319 suspicandum
858 3230 1030 3317 Hegelius
1060 3230 1260 3312 adducitur,
1289 3220 1357 3311 sibi

341 3353 598 3416 antecessorem
620 3354 870 3435 parentemque
890 3351 927 3415 in
942 3334 1228 3436 philosophando
1246 3351 1354 3427 luisse

341 3465 565 3532 Heraclitum.
589 3469 688 3544 Quod
718 3468 892 3534 sirenum
916 3468 970 3548 sit,
997 3456 1212 3553 Heraclitum
1236 3455 1352 3552 sequi·

340 3585 397 3663 tur
423 3581 548 3665 logicis
569 3583 860 3668 disputationibus
883 3585 990 3657 vitam
1009 3584 1239 3669 impendisse,
1262 3563 1353 3674 logi-

341 3717 452 3787 caque
481 3699 615 3778 somnia
642 3718 706 3785 per
734 3700 958 3786 physicarum
986 3718 1105 3766 rerum
1135 3686 1352 3786 expressinse

340 3813 526 3897 imagines.
546 3813 596 3880 Ac
615 3833 685 3881 non
702 3815 802 3881 aliter
821 3815 1069 3901 philosophum
1087 3818 1246 3882 nostrum
1264 3811 1353 3883 Las·

341 3928 471 4003 collino
488 3930 604 4015 egisse
621 3917 720 4016 putat
738 3934 841 4017 atque
857 3932 900 3997 ad
921 3931 1199 3998 confirmandam
1212 3933 1352 3998 senten-

342 4045 438 4128 tiam,
456 4047 640 4134 ingentem
668 4047 851 4117 citatorum
878 4047 1034 4116 locorum
1066 4047 1193 4125 molem
1222 4065 1352 4143 conge·

343 4180 421 4245 rere
442 4162 559 4247 gestit.
589 4254 593 4261 Ι

386 4270 512 4369 uetiti
543 4278 637 4369 aare
650 4333 664 4365 2.
686 4268 814 4370 igitur,
850 4276 1029 4382 paulisper
1061 4281 1277 4363 inimemor,
1315 4268 1352 4369 lt
