3194 5226
711 532 872 596 ..48-

271 661 436 756 ὀηωᾳιιθ
460 667 564 749 ioret;
587 670 679 736 unde
703 653 860 741 enimfex
883 667 1030 735 mortuis
1049 666 1206 734 viventes
1227 668 1297 735 ori-

287 790 420 867 rentur,
440 786 500 853 ubi
520 787 598 854 fons
617 787 832 872 reperiretur
853 784 972 855 nullus
997 804 1041 851 ex
1067 804 1135 871 quo
1157 784 1299 853 vitalem

289 903 448 990 spiritum
462 903 701 970 exhaurirent.
717 905 817 971 Hunc
833 922 917 970 vero
936 902 1108 976 universae
1125 895 1207 969 vit'ae
1221 901 1298 970 ion·

288 1022 358 1086 tem
382 1020 419 1086 in
446 1020 592 1088 aetherio
618 1040 763 1106 corpore
790 1019 975 1087 locandum
995 1038 1073 1086 esse
1099 1018 1296 1100 statuimus,

187 1116 189 1121 ¹
290 1137 395 1221 quod,
415 1137 452 1202 in
476 1154 513 1203 se
534 1134 738 1222 spectatum,
754 1136 955 1230 mutationis
970 1155 1096 1221 expers
1112 1139 1175 1216 est,
1194 1139 1297 1222 atque

289 1256 327 1317 ut
344 1253 580 1338 metaphysica
601 1253 796 1339 loquamur,
817 1271 912 1319 verae
935 1271 975 1318 ac
993 1252 1114 1319 solidae
1134 1236 1335 1336 substan-:323

290 1369 348 1435 tiae
365 1372 483 1456 partes
500 1371 647 1455 obtinuit
662 1390 752 1457 quae,
771 1371 854 1437 dum
866 1371 1104 1461 phoenomena
1121 1373 1300 1436 mutantur

288 1487 566 1574 multiplicesque
580 1492 696 1556 vestes
710 1489 870 1568 induunt,
888 1489 1010 1555 eadem
1023 1500 1165 1574 'semper
1183 1478 1300 1553 manet

255 1584 259 1592 ⁵
289 1607 430 1672 etuna:
1036 1600 1041 1609 “

332 1724 417 1798 Quae
434 1741 541 1809 quum
559 1723 608 1788 ita
622 1722 702 1802 sint,
724 1721 898 1790 tollendus
916 1707 1038 1789 eorum
1053 1709 1153 1789 error
1168 1724 1221 1789 est
1239 1739 1299 1807 qur

287 1839 442 1906 sublatas
456 1841 498 1906 ab
516 1840 692 1908 Heraclito
708 1839 930 1907 definitiones
943 1859 1065 1906 omnes
1082 1858 1159 1906 esse
1178 1838 1299 1906 deien-

286 1957 387 2047 dunt,
414 1975 615 2043 quanquam
634 1977 695 2024 eos
713 1976 782 2024 non
801 1957 918 2042 ignari
941 1976 1063 2024 sumus
1083 1977 1162 2023 cum
1182 1956 1298 2042 specie

287 2050 437 2157 quadam
454 2074 611 2141 veritatis
624 2074 824 2160 opinionem
839 2074 1050 2141 defendisse.
1068 2073 1186 2140 Primo
1198 2092 1295 2153 vero,

286 2189 411 2274 siquae
429 2191 572 2257 sensilia
590 2194 682 2270 sunt,
699 2191 800 2257 adea
820 2191 934 2257 solum
952 2179 1224 2275 respexerimus,
1238 2189 1298 2256 illa

274 2296 417 2378 ‚nullam
437 2307 674 2373 definitionem
691 2307 765 2392 pati
786 2306 887 2373 facile
911 2307 1201 2374 concesserimus.
1229 2307 1298 2372 Fac

285 2421 377 2488 enim
390 2425 423 2512 te
438 2423 529 2490 hanc
544 2442 618 2489 rem
629 2422 794 2489 autillam
810 2423 956 2490 definire
972 2422 1079 2502 velle;
1099 2425 1138 2488 ut
1151 2422 1297 2502 definire

283 2539 399 2624 possis
425 2558 570 2607 necesse
596 2543 648 2606 est
678 2559 755 2606 eam
784 2540 954 2607 intuearis
978 2540 1129 2626 penitus
1154 2541 1191 2605 at
1216 2539 1297 2605 dum

284 2655 432 2722 intueris
452 2644 588 2722 transit.
613 2659 708 2740 Ergo
735 2676 837 2723 omne
855 2657 948 2742 quod
970 2657 1119 2724 sentitur
1134 2659 1215 2740 eget
1235 2656 1296 2721 de·

283 2771 450 2838 finitione.
472 2774 545 2840 Nec
565 2793 649 2840 vero
673 2774 777 2840 aliam
798 2773 976 2840 Aristoteli
995 2774 1062 2860 ipsi
1089 2773 1297 2840 sententiam

284 2907 362 2955 esse
390 2889 518 2956 scimus
539 2890 598 2976 qui
628 2891 780 2976 speciem
809 2890 965 2971 definiat,
991 2909 1058 2956 nec
1082 2866 1202 2956 ullam
1219 2908 1297 2955 esse

283 3004 367 3071 velit
392 3006 512 3073 sensili
539 3007 664 3092 cuique
687 3007 738 3073 rei
758 3007 1007 3073 definitionem.
1030 3009 1162 3073 Rerum
1181 3009 1298 3072 autem

284 3141 348 3208 per
373 3143 506 3207 genera
534 3124 739 3210 speciesque
760 3125 984 3210 partitionem
1000 3124 1158 3208 neglexit
1183 3122 1297 3209 Ephe-

286 3238 371 3319 sius,
396 3244 435 3306 ut
457 3241 593 3326 opinor,
623 3259 731 3326 quare
757 3261 802 3308 ne
822 3241 990 3308 miremur
1016 3240 1125 3320 illum,
1148 3239 1186 3306 in
1212 3239 1297 3306 defi-

285 3355 424 3436 niendis
437 3359 543 3424 rebus
559 3358 662 3424 toties
678 3359 836 3426 haesisse.
848 3360 942 3442 Ergo
957 3358 1056 3426 nulla
1070 3358 1135 3425 erit
1150 3366 1199 3428 τοῦ
1218 3364 1299 3436 ὄντος

286 3473 463 3541 definitio?
478 3475 532 3540 nt‘
543 3475 647 3541 etiam
667 3479 699 3546 τὸ
719 3482 750 3544 ὅν
770 3474 856 3541 illud
871 3495 935 3562 per
952 3495 989 3542 se
1006 3477 1199 3561 spectatum
1217 3450 1297 3540 fini-

285 3589 356 3654 tam
389 3567 552 3656 naturam
579 3591 701 3671 habet,
739 3594 954 3681 rogatusque
996 3591 1168 3677 Ephesius
1214 3589 1298 3675 quid

286 3709 318 3775 τὸ
336 3711 367 3774 ὅν
388 3706 445 3786 sit,
468 3706 535 3772 hoc
558 3707 662 3792 modo
681 3707 846 3775 nimirum
866 3708 1081 3793 respondere
1096 3706 1267 3793 potuisset
1288 3725 1296 3770 :

288 3846 303 3882 e
325 3822 449 3889 AEther
468 3826 532 3915 est,
554 3826 660 3924 atque
676 3844 738 3910 per
755 3825 889 3892 aethera
905 3843 1033 3910 corpus
1056 3822 1214 3907 intelligo
1228 3840 1299 3900 ‚na-

286 3938 587 4025 turapersubtile
607 3940 732 4026 cuique
761 3941 925 4008 essentiae
954 3941 1030 4007 loco
1048 3939 1110 4006 >vis
1133 3939 1299 4026 quaedam

188 4061 192 4068 '
264 4090 266 4093 ·
286 4054 401 4129 vitalis
418 4055 500 4123 insit
520 4060 624 4143 atque
643 4057 787 4124 motrix:
808 4057 1002 4124 accidentia
1017 4059 1134 4123 autem
1152 4056 1202 4122 illi
1220 4074 1299 4122 con·

287 4172 427 4256 tingunt
452 4173 598 4253 infinita,
612 4186 680 4240 ¹seu
699 4175 744 4241 ad
765 4193 950 4242 numerum
977 4173 1050 4242 sive
1080 4174 1125 4240 ad
1149 4173 1297 4250 formam

289 4290 506 4376 respexeris;
539 4290 732 4359 accidentia
762 4310 846 4360 vero
876 4281 1005 4360 solum·
1023 4290 1087 4359 sub
1123 4290 1297 4359 humanos
