<?xml version="1.0" encoding="UTF-8"?>
<!DOCTYPE html PUBLIC "-//W3C//DTD XHTML 1.0 Transitional//EN"
    "http://www.w3.org/TR/xhtml1/DTD/xhtml1-transitional.dtd">
<html xmlns="http://www.w3.org/1999/xhtml" xml:lang="en" lang="en">
 <head>
  <title>
</title>
<meta http-equiv="Content-Type" content="text/html;charset=utf-8" />
  <meta name='ocr-system' content='tesseract 3.04.00' />
  <meta name='ocr-capabilities' content='ocr_page ocr_carea ocr_par ocr_line ocrx_word'/>
</head>
<body>
  <div class='ocr_page' id='page_1' title='image "./deheraclitoephe00daurgoog_0045.png"; bbox 0 0 3136 5220; ppageno 0'>
   <div class='ocr_carea' id='block_1_1' title="bbox 712 515 860 576">
    <p class='ocr_par' dir='ltr' id='par_1_1' title="bbox 712 515 860 576">
     <span class='ocr_line' id='line_1_1' title="bbox 712 515 860 576; baseline -0.007 -15"><span class='ocrx_word' id='word_1_1' title='bbox 712 515 860 576; x_wconf 50' lang='lat'>48-</span> 
     </span>
    </p>
   </div>
   <div class='ocr_carea' id='block_1_2' title="bbox 169 649 1361 3877">
    <p class='ocr_par' dir='ltr' id='par_1_2' title="bbox 272 649 1288 951">
     <span class='ocr_line' id='line_1_2' title="bbox 274 649 1287 736; baseline 0 -19"><span class='ocrx_word' id='word_1_2' title='bbox 274 652 482 717; x_wconf 79' lang='lat' dir='ltr'>movendam</span> <span class='ocrx_word' id='word_1_3' title='bbox 521 669 599 719; x_wconf 83' lang='lat' dir='ltr'>esse</span> <span class='ocrx_word' id='word_1_4' title='bbox 647 669 832 718; x_wconf 83' lang='lat' dir='ltr'><strong>censemus</strong></span> <span class='ocrx_word' id='word_1_5' title='bbox 866 669 935 736; x_wconf 88' lang='lat' dir='ltr'>qua</span> <span class='ocrx_word' id='word_1_6' title='bbox 972 649 1076 735; x_wconf 88' lang='lat' dir='ltr'>plane</span> <span class='ocrx_word' id='word_1_7' title='bbox 1111 649 1287 733; x_wconf 76' lang='lat' dir='ltr'>videatur,</span> 
     </span>
     <span class='ocr_line' id='line_1_3' title="bbox 272 766 1288 865; baseline 0.001 -32"><span class='ocrx_word' id='word_1_8' title='bbox 272 771 390 834; x_wconf 85' lang='lat' dir='ltr'>utrum</span> <span class='ocrx_word' id='word_1_9' title='bbox 405 766 602 853; x_wconf 85' lang='lat' dir='ltr'>philosophi</span> <span class='ocrx_word' id='word_1_10' title='bbox 615 769 724 834; x_wconf 85' lang='lat' dir='ltr'>nostri</span> <span class='ocrx_word' id='word_1_11' title='bbox 742 768 1161 853; x_wconf 80' lang='lat' dir='ltr'>sentenna‚·corp0ratam</span> <span class='ocrx_word' id='word_1_12' title='bbox 1177 786 1288 865; x_wconf 73' lang='lat' dir='ltr'>necne</span> 
     </span>
     <span class='ocr_line' id='line_1_4' title="bbox 274 884 763 951; baseline -0.006 0"><span class='ocrx_word' id='word_1_13' title='bbox 274 887 437 951; x_wconf 87' lang='lat' dir='ltr'>naturam</span> <span class='ocrx_word' id='word_1_14' title='bbox 455 886 569 950; x_wconf 89' lang='lat' dir='ltr'>motus</span> <span class='ocrx_word' id='word_1_15' title='bbox 589 884 763 951; x_wconf 85' lang='lat' dir='ltr'>hahuerit.</span> 
     </span>
    </p>

    <p class='ocr_par' dir='ltr' id='par_1_3' title="bbox 246 999 1361 2118">
     <span class='ocr_line' id='line_1_5' title="bbox 319 999 1288 1087; baseline -0.001 -19"><span class='ocrx_word' id='word_1_16' title='bbox 319 1005 405 1078; x_wconf 84' lang='lat' dir='ltr'>Quae</span> <span class='ocrx_word' id='word_1_17' title='bbox 418 1001 527 1084; x_wconf 78' lang='lat' dir='ltr'>igitur</span> <span class='ocrx_word' id='word_1_18' title='bbox 543 1002 637 1086; x_wconf 87' lang='lat' dir='ltr'>apud</span> <span class='ocrx_word' id='word_1_19' title='bbox 650 1000 842 1087; x_wconf 87' lang='lat' dir='ltr'>Ephesium</span> <span class='ocrx_word' id='word_1_20' title='bbox 857 999 1053 1067; x_wconf 87' lang='lat' dir='ltr'>substantia</span> <span class='ocrx_word' id='word_1_21' title='bbox 1067 1003 1183 1066; x_wconf 82' lang='lat' dir='ltr'>motus</span> <span class='ocrx_word' id='word_1_22' title='bbox 1197 1000 1288 1075; x_wconf 76' lang='lat' dir='ltr'>fuiti</span> 
     </span>
     <span class='ocr_line' id='line_1_6' title="bbox 276 1115 1286 1207; baseline -0.003 -22"><span class='ocrx_word' id='word_1_23' title='bbox 276 1118 311 1185; x_wconf 89' lang='lat' dir='ltr'>Si</span> <span class='ocrx_word' id='word_1_24' title='bbox 339 1116 698 1207; x_wconf 75' lang='lat' dir='ltr'>Schleiermacherom</span> <span class='ocrx_word' id='word_1_25' title='bbox 724 1117 941 1199; x_wconf 79' lang='lat' dir='ltr'>interrogas,</span> <span class='ocrx_word' id='word_1_26' title='bbox 966 1115 1087 1196; x_wconf 90' lang='lat' dir='ltr'>nulla;</span> <span class='ocrx_word' id='word_1_27' title='bbox 1121 1116 1151 1183; x_wconf 89' lang='lat' dir='ltr'>is</span> <span class='ocrx_word' id='word_1_28' title='bbox 1180 1116 1286 1203; x_wconf 79' lang='lat' dir='ltr'>enim,</span> 
     </span>
     <span class='ocr_line' id='line_1_7' title="bbox 276 1233 1287 1319; baseline 0.003 -19"><span class='ocrx_word' id='word_1_29' title='bbox 276 1235 312 1300; x_wconf 91' lang='lat' dir='ltr'>in</span> <span class='ocrx_word' id='word_1_30' title='bbox 345 1234 510 1300; x_wconf 79' lang='lat' dir='ltr'>Heracliti</span> <span class='ocrx_word' id='word_1_31' title='bbox 549 1234 685 1319; x_wconf 90' lang='lat' dir='ltr'>placitis</span> <span class='ocrx_word' id='word_1_32' title='bbox 720 1234 852 1299; x_wconf 84' lang='lat' dir='ltr'>nullam</span> <span class='ocrx_word' id='word_1_33' title='bbox 886 1233 1061 1318; x_wconf 89' lang='lat' dir='ltr'>corporati</span> <span class='ocrx_word' id='word_1_34' title='bbox 1105 1234 1287 1319; x_wconf 83' lang='lat' dir='ltr'>cujusdam</span> 
     </span>
     <span class='ocr_line' id='line_1_8' title="bbox 275 1350 1286 1436; baseline 0.001 -20"><span class='ocrx_word' id='word_1_35' title='bbox 275 1350 436 1436; x_wconf 86' lang='lat' dir='ltr'>principii</span> <span class='ocrx_word' id='word_1_36' title='bbox 460 1350 671 1416; x_wconf 82' lang='lat' dir='ltr'>mentionem</span> <span class='ocrx_word' id='word_1_37' title='bbox 700 1350 827 1416; x_wconf 81' lang='lat' dir='ltr'>factam</span> <span class='ocrx_word' id='word_1_38' title='bbox 854 1369 932 1416; x_wconf 90' lang='lat' dir='ltr'>esse</span> <span class='ocrx_word' id='word_1_39' title='bbox 963 1350 1114 1434; x_wconf 86' lang='lat' dir='ltr'>conjicit.</span> <span class='ocrx_word' id='word_1_40' title='bbox 1146 1351 1240 1433; x_wconf 81' lang='lat' dir='ltr'>Ergo</span> <span class='ocrx_word' id='word_1_41' title='bbox 1257 1351 1286 1426; x_wconf 89' lang='lat' dir='ltr'>si</span> 
     </span>
     <span class='ocr_line' id='line_1_9' title="bbox 275 1465 1284 1552; baseline 0.002 -20"><span class='ocrx_word' id='word_1_42' title='bbox 275 1467 484 1552; x_wconf 84' lang='lat' dir='ltr'>principium</span> <span class='ocrx_word' id='word_1_43' title='bbox 504 1467 587 1551; x_wconf 84' lang='lat' dir='ltr'>quid</span> <span class='ocrx_word' id='word_1_44' title='bbox 604 1467 782 1552; x_wconf 87' lang='lat' dir='ltr'>corporeis</span> <span class='ocrx_word' id='word_1_45' title='bbox 802 1466 908 1534; x_wconf 88' lang='lat' dir='ltr'>rebus</span> <span class='ocrx_word' id='word_1_46' title='bbox 933 1466 1109 1549; x_wconf 81' lang='lat' dir='ltr'>assignari</span> <span class='ocrx_word' id='word_1_47' title='bbox 1124 1465 1284 1548; x_wconf 83' lang='lat' dir='ltr'>velimus,</span> 
     </span>
     <span class='ocr_line' id='line_1_10' title="bbox 274 1582 1336 1666; baseline 0.004 -18"><span class='ocrx_word' id='word_1_48' title='bbox 274 1583 360 1650; x_wconf 82' lang='lat' dir='ltr'>iliad</span> <span class='ocrx_word' id='word_1_49' title='bbox 371 1603 515 1651; x_wconf 87' lang='lat' dir='ltr'>necesse</span> <span class='ocrx_word' id='word_1_50' title='bbox 528 1583 594 1650; x_wconf 87' lang='lat' dir='ltr'>erit</span> <span class='ocrx_word' id='word_1_51' title='bbox 606 1587 728 1651; x_wconf 90' lang='lat' dir='ltr'>Fatum</span> <span class='ocrx_word' id='word_1_52' title='bbox 740 1582 796 1650; x_wconf 81' lang='lat' dir='ltr'>vel</span> <span class='ocrx_word' id='word_1_53' title='bbox 807 1584 1060 1651; x_wconf 85' lang='lat' dir='ltr'>Necessitatem</span> <span class='ocrx_word' id='word_1_54' title='bbox 1071 1602 1151 1650; x_wconf 85' lang='lat' dir='ltr'>esse</span> <span class='ocrx_word' id='word_1_55' title='bbox 1162 1603 1289 1666; x_wconf 73' lang='lat' dir='ltr'>agnos·</span> <span class='ocrx_word' id='word_1_56' title='bbox 1334 1655 1336 1659; x_wconf 67' lang='grc'>,</span> 
     </span>
     <span class='ocr_line' id='line_1_11' title="bbox 274 1679 1288 1786; baseline 0.001 -19"><span class='ocrx_word' id='word_1_57' title='bbox 274 1719 406 1781; x_wconf 77' lang='lat' dir='ltr'>camus,</span> <span class='ocrx_word' id='word_1_58' title='bbox 427 1720 494 1786; x_wconf 88' lang='lat' dir='ltr'>qua</span> <span class='ocrx_word' id='word_1_59' title='bbox 524 1679 731 1786; x_wconf 80' lang='lat' dir='ltr'>imperante,</span> <span class='ocrx_word' id='word_1_60' title='bbox 750 1720 796 1767; x_wconf 89' lang='lat' dir='ltr'>ea</span> <span class='ocrx_word' id='word_1_61' title='bbox 822 1702 928 1768; x_wconf 87' lang='lat' dir='ltr'>rebus</span> <span class='ocrx_word' id='word_1_62' title='bbox 955 1700 1131 1780; x_wconf 84' lang='lat' dir='ltr'>universis</span> <span class='ocrx_word' id='word_1_63' title='bbox 1154 1704 1288 1777; x_wconf 71' lang='lat' dir='ltr'>aeterna</span> 
     </span>
     <span class='ocr_line' id='line_1_12' title="bbox 246 1800 1361 1896; baseline 0.002 -13"><span class='ocrx_word' id='word_1_64' title='bbox 246 1800 252 1811; x_wconf 69' lang='grc'>’</span> <span class='ocrx_word' id='word_1_65' title='bbox 274 1819 332 1883; x_wconf 87' lang='lat' dir='ltr'>lex</span> <span class='ocrx_word' id='word_1_66' title='bbox 345 1817 533 1883; x_wconf 85' lang='lat' dir='ltr'>constituta</span> <span class='ocrx_word' id='word_1_67' title='bbox 553 1817 609 1896; x_wconf 87' lang='lat' dir='ltr'>sit,</span> <span class='ocrx_word' id='word_1_68' title='bbox 628 1820 665 1883; x_wconf 82' lang='lat' dir='ltr'>nt</span> <span class='ocrx_word' id='word_1_69' title='bbox 683 1818 719 1883; x_wconf 93' lang='lat' dir='ltr'>in</span> <span class='ocrx_word' id='word_1_70' title='bbox 735 1821 907 1885; x_wconf 89' lang='lat' dir='ltr'>aeternum</span> <span class='ocrx_word' id='word_1_71' title='bbox 924 1819 1175 1885; x_wconf 77' lang='lat' dir='ltr'>moverentur:</span> <span class='ocrx_word' id='word_1_72' title='bbox 1197 1817 1288 1885; x_wconf 89' lang='lat' dir='ltr'>hanc</span> <span class='ocrx_word' id='word_1_73' title='bbox 1357 1815 1361 1822; x_wconf 82' lang='grc'><strong>“</strong></span> 
     </span>
     <span class='ocr_line' id='line_1_13' title="bbox 275 1933 1286 2027; baseline 0.002 -29"><span class='ocrx_word' id='word_1_74' title='bbox 275 1933 391 2016; x_wconf 76' lang='lat' dir='ltr'>legem</span> <span class='ocrx_word' id='word_1_75' title='bbox 413 1960 427 1992; x_wconf 92' lang='lat'>«</span> <span class='ocrx_word' id='word_1_76' title='bbox 449 1934 511 2000; x_wconf 86' lang='lat' dir='ltr'>das</span> <span class='ocrx_word' id='word_1_77' title='bbox 541 1935 664 2027; x_wconf 78' lang='lat' dir='ltr'>Gesetz</span> <span class='ocrx_word' id='word_1_78' title='bbox 684 1935 746 2000; x_wconf 87' lang='lat' dir='ltr'>des</span> <span class='ocrx_word' id='word_1_79' title='bbox 761 1935 967 2002; x_wconf 84' lang='lat' dir='ltr'>Werdens»</span> <span class='ocrx_word' id='word_1_80' title='bbox 993 1933 1157 2001; x_wconf 82' lang='lat' dir='ltr'>Germani</span> <span class='ocrx_word' id='word_1_81' title='bbox 1174 1935 1286 2000; x_wconf 91' lang='lat' dir='ltr'>nomi-</span> 
     </span>
     <span class='ocr_line' id='line_1_14' title="bbox 275 2049 631 2118; baseline 0 -2"><span class='ocrx_word' id='word_1_82' title='bbox 275 2069 361 2116; x_wconf 84' lang='lat' dir='ltr'>nare</span> <span class='ocrx_word' id='word_1_83' title='bbox 378 2053 593 2118; x_wconf 88' lang='lat' dir='ltr'>consuerunt</span> <span class='ocrx_word' id='word_1_84' title='bbox 606 2049 631 2116; x_wconf 79' lang='lat'>¹.</span> 
     </span>
    </p>

    <p class='ocr_par' dir='ltr' id='par_1_4' title="bbox 169 2166 1308 3743">
     <span class='ocr_line' id='line_1_15' title="bbox 319 2166 1287 2261; baseline 0 -30"><span class='ocrx_word' id='word_1_85' title='bbox 319 2167 391 2232; x_wconf 90' lang='lat' dir='ltr'>Nos</span> <span class='ocrx_word' id='word_1_86' title='bbox 415 2185 511 2245; x_wconf 82' lang='lat' dir='ltr'>vero,</span> <span class='ocrx_word' id='word_1_87' title='bbox 541 2169 747 2252; x_wconf 89' lang='lat' dir='ltr'>conceptum</span> <span class='ocrx_word' id='word_1_88' title='bbox 773 2166 859 2232; x_wconf 91' lang='lat' dir='ltr'>illud</span> <span class='ocrx_word' id='word_1_89' title='bbox 883 2177 933 2236; x_wconf 68' lang='grc' dir='ltr'>τοῦ</span> <span class='ocrx_word' id='word_1_90' title='bbox 952 2170 1102 2261; x_wconf 47' lang='grc' dir='ltr'>γίγνεσθαι</span> <span class='ocrx_word' id='word_1_91' title='bbox 1121 2166 1287 2237; x_wconf 82' lang='lat' dir='ltr'>Heracliti</span> 
     </span>
     <span class='ocr_line' id='line_1_16' title="bbox 275 2278 1287 2364; baseline 0.001 -14"><span class='ocrx_word' id='word_1_92' title='bbox 275 2278 392 2350; x_wconf 85' lang='lat' dir='ltr'>a&#39;nimo</span> <span class='ocrx_word' id='word_1_93' title='bbox 420 2285 662 2363; x_wconf 82' lang='lat' dir='ltr'>observatum,</span> <span class='ocrx_word' id='word_1_94' title='bbox 692 2284 762 2349; x_wconf 92' lang='lat' dir='ltr'>imo</span> <span class='ocrx_word' id='word_1_95' title='bbox 789 2284 912 2364; x_wconf 84' lang='lat' dir='ltr'>etiam,</span> <span class='ocrx_word' id='word_1_96' title='bbox 939 2303 1011 2351; x_wconf 91' lang='lat' dir='ltr'>non</span> <span class='ocrx_word' id='word_1_97' title='bbox 1041 2285 1287 2352; x_wconf 85' lang='lat' dir='ltr'>adumbratum</span> 
     </span>
     <span class='ocr_line' id='line_1_17' title="bbox 274 2401 1287 2486; baseline 0.002 -21"><span class='ocrx_word' id='word_1_98' title='bbox 274 2401 390 2480; x_wconf 82' lang='lat' dir='ltr'>modo,</span> <span class='ocrx_word' id='word_1_99' title='bbox 416 2402 476 2467; x_wconf 90' lang='lat' dir='ltr'>sed</span> <span class='ocrx_word' id='word_1_100' title='bbox 503 2404 538 2466; x_wconf 88' lang='lat' dir='ltr'>et</span> <span class='ocrx_word' id='word_1_101' title='bbox 566 2419 773 2486; x_wconf 83' lang='lat' dir='ltr'>expressum</span> <span class='ocrx_word' id='word_1_102' title='bbox 800 2401 1049 2486; x_wconf 73' lang='lat' dir='ltr'>aphilosopho</span> <span class='ocrx_word' id='word_1_103' title='bbox 1080 2402 1189 2468; x_wconf 84' lang='lat' dir='ltr'>luisse</span> <span class='ocrx_word' id='word_1_104' title='bbox 1216 2420 1287 2468; x_wconf 88' lang='lat' dir='ltr'>non</span> 
     </span>
     <span class='ocr_line' id='line_1_18' title="bbox 273 2496 1308 2604; baseline -0.001 -21"><span class='ocrx_word' id='word_1_105' title='bbox 273 2517 535 2599; x_wconf 79' lang='lat' dir='ltr'>negaverimus.</span> <span class='ocrx_word' id='word_1_106' title='bbox 558 2517 627 2583; x_wconf 84' lang='lat' dir='ltr'>Sed·</span> <span class='ocrx_word' id='word_1_107' title='bbox 649 2516 736 2581; x_wconf 91' lang='lat' dir='ltr'>nihil</span> <span class='ocrx_word' id='word_1_108' title='bbox 755 2517 900 2601; x_wconf 86' lang='lat' dir='ltr'>impedit</span> <span class='ocrx_word' id='word_1_109' title='bbox 920 2518 1005 2604; x_wconf 85' lang='lat' dir='ltr'>quin</span> <span class='ocrx_word' id='word_1_110' title='bbox 1020 2521 1142 2584; x_wconf 87' lang='lat' dir='ltr'>Fatum</span> <span class='ocrx_word' id='word_1_111' title='bbox 1159 2517 1286 2603; x_wconf 88' lang='lat' dir='ltr'>sempi-</span> <span class='ocrx_word' id='word_1_112' title='bbox 1306 2496 1308 2500; x_wconf 33' lang='lat'>¹</span> 
     </span>
     <span class='ocr_line' id='line_1_19' title="bbox 169 2626 1288 2718; baseline 0.006 -24"><span class='ocrx_word' id='word_1_113' title='bbox 169 2703 172 2709; x_wconf 38' lang='grc'>,</span> <span class='ocrx_word' id='word_1_114' title='bbox 273 2626 480 2713; x_wconf 87' lang='lat' dir='ltr'>ternamque</span> <span class='ocrx_word' id='word_1_115' title='bbox 503 2630 666 2695; x_wconf 81' lang='lat' dir='ltr'>movendi</span> <span class='ocrx_word' id='word_1_116' title='bbox 684 2631 937 2697; x_wconf 80' lang='lat' dir='ltr'>Necessitatem</span> <span class='ocrx_word' id='word_1_117' title='bbox 960 2651 1067 2717; x_wconf 87' lang='lat' dir='ltr'>quum</span> <span class='ocrx_word' id='word_1_118' title='bbox 1096 2652 1204 2718; x_wconf 84' lang='lat' dir='ltr'>supra</span> <span class='ocrx_word' id='word_1_119' title='bbox 1230 2652 1288 2701; x_wconf 86' lang='lat' dir='ltr'>res</span> 
     </span>
     <span class='ocr_line' id='line_1_20' title="bbox 275 2730 1288 2834; baseline 0.003 -23"><span class='ocrx_word' id='word_1_120' title='bbox 275 2762 397 2811; x_wconf 89' lang='lat' dir='ltr'>omnes</span> <span class='ocrx_word' id='word_1_121' title='bbox 428 2744 606 2823; x_wconf 85' lang='lat' dir='ltr'>statuerit,</span> <span class='ocrx_word' id='word_1_122' title='bbox 652 2746 811 2811; x_wconf 90' lang='lat' dir='ltr'>eamdem</span> <span class='ocrx_word' id='word_1_123' title='bbox 839 2746 875 2811; x_wconf 91' lang='lat' dir='ltr'>in</span> <span class='ocrx_word' id='word_1_124' title='bbox 910 2730 1068 2815; x_wconf 82' lang='lat' dir='ltr'>materiae</span> <span class='ocrx_word' id='word_1_125' title='bbox 1105 2749 1288 2834; x_wconf 88' lang='lat' dir='ltr'>cujusdam</span> 
     </span>
     <span class='ocr_line' id='line_1_21' title="bbox 271 2859 1287 2951; baseline 0.005 -24"><span class='ocrx_word' id='word_1_126' title='bbox 271 2859 426 2945; x_wconf 86' lang='lat' dir='ltr'>speciem</span> <span class='ocrx_word' id='word_1_127' title='bbox 443 2860 508 2926; x_wconf 87' lang='lat' dir='ltr'>sihi</span> <span class='ocrx_word' id='word_1_128' title='bbox 533 2860 650 2927; x_wconf 90' lang='lat' dir='ltr'>animo</span> <span class='ocrx_word' id='word_1_129' title='bbox 680 2862 854 2929; x_wconf 79' lang='lat' dir='ltr'>effinxerit</span> <span class='ocrx_word' id='word_1_130' title='bbox 876 2884 883 2930; x_wconf 90' lang='lat'>:</span> <span class='ocrx_word' id='word_1_131' title='bbox 904 2865 998 2951; x_wconf 85' lang='lat' dir='ltr'>quod</span> <span class='ocrx_word' id='word_1_132' title='bbox 1022 2865 1051 2931; x_wconf 87' lang='lat' dir='ltr'>si</span> <span class='ocrx_word' id='word_1_133' title='bbox 1079 2865 1203 2948; x_wconf 82' lang='lat' dir='ltr'>egerit,</span> <span class='ocrx_word' id='word_1_134' title='bbox 1224 2885 1287 2932; x_wconf 93' lang='lat' dir='ltr'>an·</span> 
     </span>
     <span class='ocr_line' id='line_1_22' title="bbox 276 2962 1289 3065; baseline 0.007 -23"><span class='ocrx_word' id='word_1_135' title='bbox 276 2979 488 3045; x_wconf 85' lang='lat' dir='ltr'>tecessorum</span> <span class='ocrx_word' id='word_1_136' title='bbox 520 2974 810 3065; x_wconf 79' lang='lat' dir='ltr'>philosophorum</span> <span class='ocrx_word' id='word_1_137' title='bbox 853 2962 912 3065; x_wconf 74' lang='lat' dir='ltr'>qui</span> <span class='ocrx_word' id='word_1_138' title='bbox 948 2981 1099 3048; x_wconf 90' lang='lat' dir='ltr'>ionicam</span> <span class='ocrx_word' id='word_1_139' title='bbox 1133 2981 1289 3049; x_wconf 88' lang='lat' dir='ltr'>scholam</span> 
     </span>
     <span class='ocr_line' id='line_1_23' title="bbox 274 3074 1288 3181; baseline 0.001 -21"><span class='ocrx_word' id='word_1_140' title='bbox 274 3093 550 3171; x_wconf 87' lang='lat' dir='ltr'>illustraverunt,</span> <span class='ocrx_word' id='word_1_141' title='bbox 566 3095 764 3181; x_wconf 86' lang='lat' dir='ltr'>exemplum</span> <span class='ocrx_word' id='word_1_142' title='bbox 779 3098 920 3176; x_wconf 78' lang='lat' dir='ltr'>secutus</span> <span class='ocrx_word' id='word_1_143' title='bbox 934 3097 1011 3163; x_wconf 85' lang='lat' dir='ltr'>erit.</span> <span class='ocrx_word' id='word_1_144' title='bbox 1028 3074 1155 3163; x_wconf 85' lang='lat' dir='ltr'>ionicis</span> <span class='ocrx_word' id='word_1_145' title='bbox 1172 3100 1288 3170; x_wconf 82' lang='lat' dir='ltr'>autem</span> 
     </span>
     <span class='ocr_line' id='line_1_24' title="bbox 229 3197 1285 3299; baseline 0.004 -25"><span class='ocrx_word' id='word_1_146' title='bbox 229 3244 235 3253; x_wconf 86' lang='lat'><em>·</em></span> <span class='ocrx_word' id='word_1_147' title='bbox 273 3229 297 3284; x_wconf 81' lang='lat' dir='ltr'>a</span> <span class='ocrx_word' id='word_1_148' title='bbox 316 3197 467 3278; x_wconf 73' lang='lat' dir='ltr'>fontibus</span> <span class='ocrx_word' id='word_1_149' title='bbox 482 3212 626 3279; x_wconf 89' lang='lat' dir='ltr'>minime</span> <span class='ocrx_word' id='word_1_150' title='bbox 644 3213 818 3293; x_wconf 82' lang='lat' dir='ltr'>discessit,</span> <span class='ocrx_word' id='word_1_151' title='bbox 836 3212 873 3277; x_wconf 90' lang='lat' dir='ltr'>in</span> <span class='ocrx_word' id='word_1_152' title='bbox 895 3231 936 3280; x_wconf 91' lang='lat' dir='ltr'>ea</span> <span class='ocrx_word' id='word_1_153' title='bbox 964 3212 1158 3299; x_wconf 87' lang='lat' dir='ltr'>disciplinae</span> <span class='ocrx_word' id='word_1_154' title='bbox 1175 3216 1285 3298; x_wconf 81' lang='lat' dir='ltr'>perte,</span> 
     </span>
     <span class='ocr_line' id='line_1_25' title="bbox 276 3328 1288 3415; baseline 0.002 -23"><span class='ocrx_word' id='word_1_155' title='bbox 276 3345 354 3413; x_wconf 87' lang='lat' dir='ltr'>quae</span> <span class='ocrx_word' id='word_1_156' title='bbox 372 3328 415 3395; x_wconf 89' lang='lat' dir='ltr'>ad</span> <span class='ocrx_word' id='word_1_157' title='bbox 438 3328 606 3414; x_wconf 85' lang='lat' dir='ltr'>principis</span> <span class='ocrx_word' id='word_1_158' title='bbox 626 3329 787 3394; x_wconf 88' lang='lat' dir='ltr'>elementi</span> <span class='ocrx_word' id='word_1_159' title='bbox 804 3330 980 3395; x_wconf 80' lang='lat' dir='ltr'>naturam</span> <span class='ocrx_word' id='word_1_160' title='bbox 997 3330 1171 3413; x_wconf 86' lang='lat' dir='ltr'>pertinet;</span> <span class='ocrx_word' id='word_1_161' title='bbox 1196 3328 1288 3415; x_wconf 83' lang='lat' dir='ltr'>quod</span> 
     </span>
     <span class='ocr_line' id='line_1_26' title="bbox 272 3423 1288 3529; baseline 0.004 -18"><span class='ocrx_word' id='word_1_162' title='bbox 272 3443 360 3519; x_wconf 84' lang='lat' dir='ltr'>satis</span> <span class='ocrx_word' id='word_1_163' title='bbox 380 3444 561 3511; x_wconf 86' lang='lat' dir='ltr'>declarant</span> <span class='ocrx_word' id='word_1_164' title='bbox 575 3449 737 3512; x_wconf 85' lang='lat' dir='ltr'>auctores</span> <span class='ocrx_word' id='word_1_165' title='bbox 752 3444 826 3511; x_wconf 83' lang='lat' dir='ltr'>fere</span> <span class='ocrx_word' id='word_1_166' title='bbox 849 3463 984 3524; x_wconf 81' lang='lat' dir='ltr'>omnes,</span> <span class='ocrx_word' id='word_1_167' title='bbox 1015 3423 1124 3529; x_wconf 59' lang='lat' dir='ltr'>&#39;atque</span> <span class='ocrx_word' id='word_1_168' title='bbox 1150 3444 1288 3515; x_wconf 86' lang='lat' dir='ltr'>illorum</span> 
     </span>
     <span class='ocr_line' id='line_1_27' title="bbox 273 3559 1287 3646; baseline 0.002 -22"><span class='ocrx_word' id='word_1_169' title='bbox 273 3559 463 3645; x_wconf 71' lang='lat' dir='ltr'>homimis,</span> <span class='ocrx_word' id='word_1_170' title='bbox 491 3563 672 3626; x_wconf 85' lang='lat' dir='ltr'>auctorum</span> <span class='ocrx_word' id='word_1_171' title='bbox 692 3561 797 3643; x_wconf 82' lang='lat' dir='ltr'>longe</span> <span class='ocrx_word' id='word_1_172' title='bbox 824 3559 1132 3646; x_wconf 71' lang='lat' dir='ltr'>locupletissimus</span> <span class='ocrx_word' id='word_1_173' title='bbox 1154 3560 1287 3627; x_wconf 84' lang='lat' dir='ltr'>Aristo-</span> 
     </span>
     <span class='ocr_line' id='line_1_28' title="bbox 276 3677 374 3743; baseline 0 -2"><span class='ocrx_word' id='word_1_174' title='bbox 276 3677 374 3743; x_wconf 88' lang='lat' dir='ltr'>teles.</span> 
     </span>
    </p>

    <p class='ocr_par' dir='ltr' id='par_1_5' title="bbox 319 3778 1288 3877">
     <span class='ocr_line' id='line_1_29' title="bbox 319 3778 1288 3877; baseline 0.006 -20"><span class='ocrx_word' id='word_1_175' title='bbox 319 3778 488 3861; x_wconf 88' lang='lat' dir='ltr'>lllaenim</span> <span class='ocrx_word' id='word_1_176' title='bbox 510 3792 552 3859; x_wconf 91' lang='lat' dir='ltr'>de</span> <span class='ocrx_word' id='word_1_177' title='bbox 576 3793 750 3860; x_wconf 89' lang='lat' dir='ltr'>Heraclito</span> <span class='ocrx_word' id='word_1_178' title='bbox 781 3793 955 3861; x_wconf 86' lang='lat' dir='ltr'>scribebat</span> <span class='ocrx_word' id='word_1_179' title='bbox 978 3792 1016 3858; x_wconf 91' lang='lat' dir='ltr'>in</span> <span class='ocrx_word' id='word_1_180' title='bbox 1034 3794 1150 3877; x_wconf 82' lang='lat' dir='ltr'>primo</span> <span class='ocrx_word' id='word_1_181' title='bbox 1180 3795 1288 3863; x_wconf 83' lang='lat' dir='ltr'>Meta·</span> 
     </span>
    </p>
   </div>
   <div class='ocr_carea' id='block_1_3' title="bbox 276 4089 1371 4346">
    <p class='ocr_par' dir='ltr' id='par_1_6' title="bbox 276 4089 1371 4346">
     <span class='ocr_line' id='line_1_30' title="bbox 313 4089 1371 4161; baseline -0.001 -9"><span class='ocrx_word' id='word_1_182' title='bbox 313 4094 320 4124; x_wconf 89' lang='lat'>¹</span> <span class='ocrx_word' id='word_1_183' title='bbox 341 4098 383 4152; x_wconf 81' lang='lat' dir='ltr'>Ci.</span> <span class='ocrx_word' id='word_1_184' title='bbox 399 4089 645 4161; x_wconf 66' lang='lat' dir='ltr'>Senomr‘anncncm</span> <span class='ocrx_word' id='word_1_185' title='bbox 660 4097 813 4154; x_wconf 78' lang='lat' dir='ltr'>Heracleitos</span> <span class='ocrx_word' id='word_1_186' title='bbox 829 4099 987 4160; x_wconf 72' lang='lat' dir='ltr'>dermeth,</span> <span class='ocrx_word' id='word_1_187' title='bbox 1005 4110 1089 4152; x_wconf 86' lang='lat' dir='ltr'>etc...</span> <span class='ocrx_word' id='word_1_188' title='bbox 1109 4095 1287 4155; x_wconf 78' lang='lat' dir='ltr'>Mus.‹1.A1-</span> <span class='ocrx_word' id='word_1_189' title='bbox 1359 4117 1371 4136; x_wconf 74' lang='lat'>0</span> 
     </span>
     <span class='ocr_line' id='line_1_31' title="bbox 276 4187 1289 4259; baseline 0.003 -20"><span class='ocrx_word' id='word_1_190' title='bbox 276 4190 586 4245; x_wconf 79' lang='lat' dir='ltr'>therlhumwissenschast.</span> <span class='ocrx_word' id='word_1_191' title='bbox 609 4190 703 4253; x_wconf 84' lang='lat' dir='ltr'>Berol.‚</span> <span class='ocrx_word' id='word_1_192' title='bbox 721 4196 782 4241; x_wconf 81' lang='lat'>1807.</span> <span class='ocrx_word' id='word_1_193' title='bbox 802 4215 836 4226; x_wconf 95' lang='lat'>—</span> <span class='ocrx_word' id='word_1_194' title='bbox 858 4191 1001 4251; x_wconf 76' lang='lat' dir='ltr'>Foornmie,</span> <span class='ocrx_word' id='word_1_195' title='bbox 1016 4187 1084 4243; x_wconf 75' lang='lat' dir='ltr'>Hirr.</span> <span class='ocrx_word' id='word_1_196' title='bbox 1102 4193 1131 4243; x_wconf 79' lang='lat' dir='ltr'>dc</span> <span class='ocrx_word' id='word_1_197' title='bbox 1147 4192 1289 4259; x_wconf 61' lang='lat' dir='ltr'>lapillos,</span> 
     </span>
     <span class='ocr_line' id='line_1_32' title="bbox 277 4280 596 4346; baseline 0 -16"><span class='ocrx_word' id='word_1_198' title='bbox 277 4281 357 4338; x_wconf 82' lang='lat' dir='ltr'>Paris,</span> <span class='ocrx_word' id='word_1_199' title='bbox 370 4280 519 4346; x_wconf 72' lang='lat' dir='ltr'>Delegrsve,</span> <span class='ocrx_word' id='word_1_200' title='bbox 534 4287 596 4332; x_wconf 76' lang='lat'>1875.</span> 
     </span>
    </p>
   </div>
   <div class='ocr_carea' id='block_1_4' title="bbox 0 0 1572 5220">
    <p class='ocr_par' dir='ltr' id='par_1_7' title="bbox 0 0 1572 5220">
     <span class='ocr_line' id='line_1_33' title="bbox 0 0 1572 5220; baseline 0 0"><span class='ocrx_word' id='word_1_201' title='bbox 0 0 1572 5220; x_wconf 95' lang='lat' dir='ltr'> </span> 
     </span>
    </p>
   </div>
  </div>
 </body>
</html>
