3136 5220
554 1092 557 1097 ’
643 1090 647 1098 ’
702 1109 885 1233 enimi

280 1558 483 1647 pisonem
504 1599 511 1643 ε
534 1586 579 1645 ne
598 1572 838 1644 neminemne
855 1570 1109 1642 enitosolemm
1127 1566 1300 1645 aarum

323 2088 489 2177 tieraeliti
510 2106 650 2193 Ephesii
667 2107 861 2173 doctrinam
884 2107 1061 2176 illustrare
1079 2096 1297 2194 aggredien-

279 2226 372 2293 tibus
391 2244 462 2293 non
475 2224 597 2291 inutile
612 2208 761 2301 ridetur,
780 2224 908 2309 qttihus
922 2208 965 2290 en
980 2226 1182 2295 auctoribus
1196 2228 1296 2294 insti·

279 2348 353 2411 tuta
366 2342 432 2408 viri
447 2342 484 2409 in
501 2341 631 2407 claram
648 2340 759 2406 lucem
773 2341 946 2406 collocare
963 2341 1077 2422 liceat,
1092 2343 1270 2428 inquirere
1284 2366 1293 2423 ς

276 2462 401 2527 horum
421 2458 563 2544 quidem
584 2477 653 2524 non
672 2458 822 2540 exiguus
840 2461 892 2523 est
913 2477 1093 2538 numerus,
1111 2460 1295 2544 pauciores

277 2596 362 2643 vero
381 2580 462 2642 sant
486 2574 537 2640 illi
557 2592 645 2661 qnos
669 2578 707 2638 nt
732 2574 938 2669 auctoritate
970 2576 1292 2660 praestantissimos

278 2693 537 2777 fidissimosque
578 2692 786 2776 interpretes
822 2691 857 2755 in
900 2691 1136 2757 testimonium
1167 2712 1294 2760 vocare

278 2811 439 2877 audeam.
458 2808 537 2885 Sed,
558 2812 595 2873 ut
608 2807 812 2893 plerumque
830 2806 966 2885 accidit,
984 2807 1041 2873 nbi
1055 2812 1150 2875 certa
1167 2808 1294 2875 desunt

277 2927 488 3003 testimonia,
519 2946 590 2992 non
615 2943 916 3011 supervacaneum
932 2930 985 2992 est
1002 2931 1148 2993 cunctos
1168 2928 1292 3008 sinaii-

277 3045 375 3111 latim
391 3045 581 3128 scriptores
606 3041 811 3128 pervolvam
835 3060 887 3119 ao,
905 3042 1041 3126 quoties
1066 3043 1157 3109 inter
1173 3044 1292 3109 elicer-

278 3180 337 3229 sos
358 3162 547 3227 similitmlo
565 3161 726 3246 quanam
745 3159 932 3237 invenitur,
952 3178 994 3226 oa
1020 3178 1099 3245 quar
1120 3161 1292 3231 simililnm

277 3279 396 3345 rcrlris
411 3268 692 3353 enuntiaverunt,
713 3277 767 3342 sin
787 3276 902 3343 minus
921 3294 1018 3356 vcra,
1036 3282 1069 3342 at
1090 3277 1212 3344 saltem
1230 3288 1289 3345 vc-

278 3395 370 3462 citati
384 3395 543 3481 proxima
558 3394 769 3459 existimare.
786 3397 898 3478 Atque
912 3394 1012 3459 nobis
1028 3394 1078 3459 sie
1093 3414 1171 3461 esse
1184 3414 1290 3475 agen·

275 3513 359 3579 dum
391 3517 564 3601 putamus,
597 3511 656 3595 qui
686 3511 727 3587 si,
748 3510 796 3575 .in
816 3510 881 3577 hoc
912 3511 1092 3596 opusculo,
1108 3512 1288 3581 Platonem

230 3598 239 3617 ⁸
268 3630 389 3697 solnm
406 3629 515 3697 secoti
532 3645 690 3693 essemus
705 3632 808 3712 atquo
828 3627 1060 3706 Aristotelem,
1081 3628 1186 3695 dubia
1202 3650 1287 3698 sane

273 3745 442 3812 nonnulla
459 3764 523 3810 nec
540 3744 625 3810 satis
638 3743 706 3809 alia
724 3761 802 3809 cum
818 3743 896 3810 aliis
910 3745 1139 3811 consonantia
1153 3745 1287 3814 hausis-

274 3879 416 3939 semus;
439 3862 503 3927 t'nit
519 3866 648 3939 tamen,
671 3879 777 3945 quum
805 3861 965 3945 cratylus
990 3860 1142 3943 floreret,
1165 3862 1285 3929 Plato·
1343 3850 1349 3863 '

273 3998 355 4047 nem
388 3979 479 4046 inter
512 3982 616 4065 atque
647 3977 787 4064 Ephesii
819 3977 1007 4064 discipulos
1039 3981 1283 4047 commercium
1369 4006 1375 4021 ·

273 4100 378 4182 atque
408 4096 570 4189 societas,
599 4113 664 4169 neo
687 4094 753 4180 ipsi
775 4094 952 4162 Aristoteli
979 4112 1049 4162 non
1064 4095 1284 4164 innotescere

273 4209 470 4279 debuerunt
498 4209 695 4299 philosophi
725 4210 834 4278 nostri
863 4212 1003 4298 scripta.
1039 4211 1138 4280 Nunc
1167 4218 1283 4281 autem

273 4331 358 4415 quot
372 4332 406 4393 et
418 4326 540 4415 ‹prales
560 4329 628 4395 sint
643 4326 690 4393 illi
707 4328 766 4415 qui
782 4329 874 4416 apud
894 4333 1031 4399 veteres
1047 4328 1091 4396 de
1108 4330 1282 4401 Heraclito
