<?xml version="1.0" encoding="UTF-8"?>
<!DOCTYPE html PUBLIC "-//W3C//DTD XHTML 1.0 Transitional//EN"
    "http://www.w3.org/TR/xhtml1/DTD/xhtml1-transitional.dtd">
<html xmlns="http://www.w3.org/1999/xhtml" xml:lang="en" lang="en">
 <head>
  <title>
</title>
<meta http-equiv="Content-Type" content="text/html;charset=utf-8" />
  <meta name='ocr-system' content='tesseract 3.04.00' />
  <meta name='ocr-capabilities' content='ocr_page ocr_carea ocr_par ocr_line ocrx_word'/>
</head>
<body>
  <div class='ocr_page' id='page_1' title='image "./deheraclitoephe00daurgoog_0042.png"; bbox 0 0 3136 5220; ppageno 0'>
   <div class='ocr_carea' id='block_1_1' title="bbox 437 1174 872 1277">
    <p class='ocr_par' dir='ltr' id='par_1_1' title="bbox 437 1174 872 1277">
     <span class='ocr_line' id='line_1_1' title="bbox 437 1174 872 1277; baseline -0.002 -34"><span class='ocrx_word' id='word_1_1' title='bbox 437 1223 445 1256; x_wconf 83' lang='lat'>,</span> <span class='ocrx_word' id='word_1_2' title='bbox 661 1174 803 1277; x_wconf 68' lang='lat' dir='ltr'>parur</span> <span class='ocrx_word' id='word_1_3' title='bbox 826 1175 872 1243; x_wconf 90' lang='lat' dir='ltr'>1v</span> 
     </span>
    </p>
   </div>
   <div class='ocr_carea' id='block_1_2' title="bbox 258 1632 1272 1713">
    <p class='ocr_par' dir='ltr' id='par_1_2' title="bbox 258 1632 1272 1713">
     <span class='ocr_line' id='line_1_2' title="bbox 258 1632 1272 1713; baseline -0.001 -29"><span class='ocrx_word' id='word_1_4' title='bbox 258 1633 342 1697; x_wconf 67' lang='lat' dir='ltr'>Qt&#39;AE</span> <span class='ocrx_word' id='word_1_5' title='bbox 370 1632 501 1683; x_wconf 78' lang='lat' dir='ltr'>FUERIT</span> <span class='ocrx_word' id='word_1_6' title='bbox 525 1635 724 1685; x_wconf 81' lang='lat' dir='ltr'>HERACLITO</span> <span class='ocrx_word' id='word_1_7' title='bbox 744 1636 789 1684; x_wconf 87' lang='lat' dir='ltr'>DE</span> <span class='ocrx_word' id='word_1_8' title='bbox 812 1636 1070 1686; x_wconf 79' lang='lat' dir='ltr'>METAPHYSICIS</span> <span class='ocrx_word' id='word_1_9' title='bbox 1097 1632 1272 1713; x_wconf 56' lang='lat' dir='ltr'>vocamur</span> 
     </span>
    </p>
   </div>
   <div class='ocr_carea' id='block_1_3' title="bbox 258 2140 1273 2469">
    <p class='ocr_par' dir='ltr' id='par_1_3' title="bbox 258 2140 1273 2469">
     <span class='ocr_line' id='line_1_3' title="bbox 303 2140 1273 2254; baseline -0.001 -19"><span class='ocrx_word' id='word_1_10' title='bbox 303 2170 342 2234; x_wconf 91' lang='lat' dir='ltr'>ln</span> <span class='ocrx_word' id='word_1_11' title='bbox 366 2169 583 2235; x_wconf 81' lang='lat' dir='ltr'>illustrandis</span> <span class='ocrx_word' id='word_1_12' title='bbox 605 2168 746 2254; x_wconf 82' lang='lat' dir='ltr'>Ephesii</span> <span class='ocrx_word' id='word_1_13' title='bbox 775 2169 922 2254; x_wconf 88' lang='lat' dir='ltr'>placitis,</span> <span class='ocrx_word' id='word_1_14' title='bbox 954 2171 997 2236; x_wconf 85' lang='lat' dir='ltr'>ab</span> <span class='ocrx_word' id='word_1_15' title='bbox 1025 2170 1093 2237; x_wconf 90' lang='lat' dir='ltr'>illis</span> <span class='ocrx_word' id='word_1_16' title='bbox 1113 2140 1273 2236; x_wconf 74' lang='lat' dir='ltr'>erardie-</span> 
     </span>
     <span class='ocr_line' id='line_1_4' title="bbox 258 2286 1272 2372; baseline 0 -21"><span class='ocrx_word' id='word_1_17' title='bbox 258 2304 337 2352; x_wconf 87' lang='lat' dir='ltr'>mur</span> <span class='ocrx_word' id='word_1_18' title='bbox 358 2306 438 2372; x_wconf 80' lang='lat' dir='ltr'>quae</span> <span class='ocrx_word' id='word_1_19' title='bbox 460 2286 570 2352; x_wconf 82' lang='lat' dir='ltr'>fertur</span> <span class='ocrx_word' id='word_1_20' title='bbox 589 2287 716 2352; x_wconf 77' lang='lat' dir='ltr'>Noster</span> <span class='ocrx_word' id='word_1_21' title='bbox 741 2286 784 2351; x_wconf 83' lang='lat' dir='ltr'>(le</span> <span class='ocrx_word' id='word_1_22' title='bbox 811 2286 1060 2372; x_wconf 80' lang='lat' dir='ltr'>metaphysicis</span> <span class='ocrx_word' id='word_1_23' title='bbox 1081 2287 1185 2352; x_wconf 83' lang='lat' dir='ltr'>rebus</span> <span class='ocrx_word' id='word_1_24' title='bbox 1201 2286 1272 2352; x_wconf 89' lang='lat' dir='ltr'>ins·</span> 
     </span>
     <span class='ocr_line' id='line_1_5' title="bbox 260 2402 408 2469; baseline 0 -2"><span class='ocrx_word' id='word_1_25' title='bbox 260 2402 408 2469; x_wconf 85' lang='lat' dir='ltr'>tituisse.</span> 
     </span>
    </p>
   </div>
   <div class='ocr_carea' id='block_1_4' title="bbox 259 2634 1275 3074">
    <p class='ocr_par' dir='ltr' id='par_1_4' title="bbox 259 2634 1275 3074">
     <span class='ocr_line' id='line_1_6' title="bbox 306 2634 1275 2722; baseline -0.001 -18"><span class='ocrx_word' id='word_1_26' title='bbox 306 2638 382 2704; x_wconf 85' lang='lat' dir='ltr'>tam</span> <span class='ocrx_word' id='word_1_27' title='bbox 395 2634 481 2702; x_wconf 86' lang='lat' dir='ltr'>illud</span> <span class='ocrx_word' id='word_1_28' title='bbox 498 2636 584 2703; x_wconf 86' lang='lat' dir='ltr'>satis</span> <span class='ocrx_word' id='word_1_29' title='bbox 602 2640 723 2703; x_wconf 88' lang='lat' dir='ltr'>notum</span> <span class='ocrx_word' id='word_1_30' title='bbox 738 2639 802 2715; x_wconf 91' lang='lat' dir='ltr'>est,</span> <span class='ocrx_word' id='word_1_31' title='bbox 817 2636 932 2703; x_wconf 87' lang='lat' dir='ltr'>omnia</span> <span class='ocrx_word' id='word_1_32' title='bbox 946 2655 1025 2722; x_wconf 85' lang='lat' dir='ltr'>quae</span> <span class='ocrx_word' id='word_1_33' title='bbox 1041 2637 1076 2703; x_wconf 89' lang='lat' dir='ltr'>in</span> <span class='ocrx_word' id='word_1_34' title='bbox 1091 2637 1174 2704; x_wconf 85' lang='lat' dir='ltr'>orbe</span> <span class='ocrx_word' id='word_1_35' title='bbox 1194 2641 1275 2704; x_wconf 80' lang='lat' dir='ltr'>sunt</span> 
     </span>
     <span class='ocr_line' id='line_1_7' title="bbox 259 2753 1273 2841; baseline 0 -21"><span class='ocrx_word' id='word_1_36' title='bbox 259 2758 429 2841; x_wconf 85' lang='lat' dir='ltr'>perpetuo</span> <span class='ocrx_word' id='word_1_37' title='bbox 447 2757 542 2820; x_wconf 84' lang='lat' dir='ltr'>motu</span> <span class='ocrx_word' id='word_1_38' title='bbox 561 2754 765 2837; x_wconf 81' lang='lat' dir='ltr'>circumagi,</span> <span class='ocrx_word' id='word_1_39' title='bbox 780 2757 1031 2839; x_wconf 80' lang='lat' dir='ltr'>atque&#39;nrolum</span> <span class='ocrx_word' id='word_1_40' title='bbox 1045 2753 1178 2821; x_wconf 89' lang='lat' dir='ltr'>eunctis</span> <span class='ocrx_word' id='word_1_41' title='bbox 1195 2774 1273 2821; x_wconf 87' lang='lat' dir='ltr'>esse</span> 
     </span>
     <span class='ocr_line' id='line_1_8' title="bbox 259 2854 1274 2958; baseline 0 -22"><span class='ocrx_word' id='word_1_42' title='bbox 259 2854 470 2958; x_wconf 81' lang='lat' dir='ltr'>principium</span> <span class='ocrx_word' id='word_1_43' title='bbox 489 2891 530 2938; x_wconf 89' lang='lat' dir='ltr'>ae</span> <span class='ocrx_word' id='word_1_44' title='bbox 545 2890 700 2939; x_wconf 83' lang='lat' dir='ltr'>eausam.</span> <span class='ocrx_word' id='word_1_45' title='bbox 714 2872 786 2937; x_wconf 80' lang='lat' dir='ltr'>Nos</span> <span class='ocrx_word' id='word_1_46' title='bbox 802 2871 910 2954; x_wconf 79' lang='lat' dir='ltr'>igitur</span> <span class='ocrx_word' id='word_1_47' title='bbox 923 2890 964 2936; x_wconf 85' lang='lat' dir='ltr'>ea</span> <span class='ocrx_word' id='word_1_48' title='bbox 980 2871 1129 2955; x_wconf 82' lang='lat' dir='ltr'>primurn</span> <span class='ocrx_word' id='word_1_49' title='bbox 1143 2872 1179 2936; x_wconf 90' lang='lat' dir='ltr'>in</span> <span class='ocrx_word' id='word_1_50' title='bbox 1192 2871 1274 2937; x_wconf 89' lang='lat' dir='ltr'>doc-</span> 
     </span>
     <span class='ocr_line' id='line_1_9' title="bbox 261 2989 1275 3074; baseline 0 -20"><span class='ocrx_word' id='word_1_51' title='bbox 261 2990 352 3055; x_wconf 84' lang='lat' dir='ltr'>trina</span> <span class='ocrx_word' id='word_1_52' title='bbox 381 2990 695 3072; x_wconf 78' lang='lat' dir='ltr'>considerabirnuS,</span> <span class='ocrx_word' id='word_1_53' title='bbox 725 3007 804 3074; x_wconf 82' lang='lat' dir='ltr'>quae</span> <span class='ocrx_word' id='word_1_54' title='bbox 834 2989 878 3054; x_wconf 86' lang='lat' dir='ltr'>ad</span> <span class='ocrx_word' id='word_1_55' title='bbox 909 2989 1112 3054; x_wconf 77' lang='lat' dir='ltr'>universum</span> <span class='ocrx_word' id='word_1_56' title='bbox 1144 2992 1275 3054; x_wconf 81' lang='lat' dir='ltr'>nictum</span> 
     </span>
    </p>
   </div>
   <div class='ocr_carea' id='block_1_5' title="bbox 141 3109 429 3203">
    <p class='ocr_par' dir='ltr' id='par_1_5' title="bbox 141 3109 429 3203">
     <span class='ocr_line' id='line_1_10' title="bbox 141 3109 429 3203; baseline 0.003 -32"><span class='ocrx_word' id='word_1_57' title='bbox 141 3187 153 3203; x_wconf 43' lang='lat'><strong>·</strong></span> <span class='ocrx_word' id='word_1_58' title='bbox 257 3109 429 3197; x_wconf 77' lang='lat' dir='ltr'>spectant.</span> 
     </span>
    </p>
   </div>
   <div class='ocr_carea' id='block_1_6' title="bbox 195 3221 1329 4157">
    <p class='ocr_par' dir='ltr' id='par_1_6' title="bbox 195 3221 1329 4127">
     <span class='ocr_line' id='line_1_11' title="bbox 303 3221 1275 3310; baseline -0.003 -20"><span class='ocrx_word' id='word_1_59' title='bbox 303 3223 541 3310; x_wconf 84' lang='lat' dir='ltr'>Haeequidem</span> <span class='ocrx_word' id='word_1_60' title='bbox 562 3223 751 3290; x_wconf 86' lang='lat' dir='ltr'>denatura</span> <span class='ocrx_word' id='word_1_61' title='bbox 777 3221 942 3289; x_wconf 87' lang='lat' dir='ltr'>censebat</span> <span class='ocrx_word' id='word_1_62' title='bbox 967 3222 1175 3301; x_wconf 74' lang='lat' dir='ltr'>Heraclitus,</span> <span class='ocrx_word' id='word_1_63' title='bbox 1199 3242 1275 3288; x_wconf 87' lang='lat' dir='ltr'>mc-</span> 
     </span>
     <span class='ocr_line' id='line_1_12' title="bbox 259 3339 1274 3424; baseline -0.003 -18"><span class='ocrx_word' id='word_1_64' title='bbox 259 3341 334 3406; x_wconf 78' lang='lat' dir='ltr'>veri</span> <span class='ocrx_word' id='word_1_65' title='bbox 359 3341 490 3408; x_wconf 86' lang='lat' dir='ltr'>scilieet</span> <span class='ocrx_word' id='word_1_66' title='bbox 515 3341 646 3421; x_wconf 85' lang='lat' dir='ltr'>onmia,</span> <span class='ocrx_word' id='word_1_67' title='bbox 674 3339 876 3424; x_wconf 82' lang='lat' dir='ltr'>nullamque</span> <span class='ocrx_word' id='word_1_68' title='bbox 901 3358 974 3404; x_wconf 84' lang='lat' dir='ltr'>rem</span> <span class='ocrx_word' id='word_1_69' title='bbox 994 3339 1190 3404; x_wconf 84' lang='lat' dir='ltr'>stabilitatis</span> <span class='ocrx_word' id='word_1_70' title='bbox 1214 3356 1274 3403; x_wconf 90' lang='lat' dir='ltr'>eu-</span> 
     </span>
     <span class='ocr_line' id='line_1_13' title="bbox 245 3452 1276 3544; baseline -0.005 -21"><span class='ocrx_word' id='word_1_71' title='bbox 245 3452 398 3542; x_wconf 83' lang='lat' dir='ltr'>&#39;jusdam</span> <span class='ocrx_word' id='word_1_72' title='bbox 429 3476 508 3524; x_wconf 85' lang='lat' dir='ltr'>esse</span> <span class='ocrx_word' id='word_1_73' title='bbox 541 3457 757 3544; x_wconf 80' lang='lat' dir='ltr'>participem.</span> <span class='ocrx_word' id='word_1_74' title='bbox 805 3456 878 3522; x_wconf 86' lang='lat' dir='ltr'>Nec</span> <span class='ocrx_word' id='word_1_75' title='bbox 908 3455 1041 3521; x_wconf 70' lang='lat' dir='ltr'>moveri</span> <span class='ocrx_word' id='word_1_76' title='bbox 1073 3454 1184 3521; x_wconf 83' lang='lat' dir='ltr'>solum</span> <span class='ocrx_word' id='word_1_77' title='bbox 1216 3457 1276 3519; x_wconf 88' lang='lat' dir='ltr'>aut</span> 
     </span>
     <span class='ocr_line' id='line_1_14' title="bbox 258 3570 1329 3657; baseline -0.003 -18"><span class='ocrx_word' id='word_1_78' title='bbox 258 3572 367 3640; x_wconf 84' lang='lat' dir='ltr'>flucre</span> <span class='ocrx_word' id='word_1_79' title='bbox 379 3575 404 3657; x_wconf 90' lang='lat'>¹,</span> <span class='ocrx_word' id='word_1_80' title='bbox 426 3574 628 3641; x_wconf 77' lang='lat' dir='ltr'>universam</span> <span class='ocrx_word' id='word_1_81' title='bbox 643 3592 761 3639; x_wconf 80' lang='lat' dir='ltr'>rerum</span> <span class='ocrx_word' id='word_1_82' title='bbox 777 3575 939 3638; x_wconf 86' lang='lat' dir='ltr'>naturam</span> <span class='ocrx_word' id='word_1_83' title='bbox 954 3572 1197 3649; x_wconf 80' lang='lat' dir='ltr'>contendebat,</span> <span class='ocrx_word' id='word_1_84' title='bbox 1213 3570 1274 3637; x_wconf 87' lang='lat' dir='ltr'>sed</span> <span class='ocrx_word' id='word_1_85' title='bbox 1324 3640 1329 3647; x_wconf 72' lang='grc'><strong>,</strong></span> 
     </span>
     <span class='ocr_line' id='line_1_15' title="bbox 260 3686 1275 3775; baseline -0.002 -20"><span class='ocrx_word' id='word_1_86' title='bbox 260 3689 365 3755; x_wconf 86' lang='lat' dir='ltr'>etiam</span> <span class='ocrx_word' id='word_1_87' title='bbox 391 3690 484 3775; x_wconf 88' lang='lat' dir='ltr'>quod</span> <span class='ocrx_word' id='word_1_88' title='bbox 503 3689 611 3756; x_wconf 87' lang='lat' dir='ltr'>multo</span> <span class='ocrx_word' id='word_1_89' title='bbox 631 3688 778 3772; x_wconf 77' lang='lat' dir='ltr'>gravius</span> <span class='ocrx_word' id='word_1_90' title='bbox 798 3690 862 3766; x_wconf 84' lang='lat' dir='ltr'>est,</span> <span class='ocrx_word' id='word_1_91' title='bbox 883 3686 969 3752; x_wconf 84' lang='lat' dir='ltr'>nihil</span> <span class='ocrx_word' id='word_1_92' title='bbox 999 3691 1128 3772; x_wconf 63' lang='lat' dir='ltr'>prater</span> <span class='ocrx_word' id='word_1_93' title='bbox 1144 3690 1275 3753; x_wconf 85' lang='lat' dir='ltr'>motum</span> 
     </span>
     <span class='ocr_line' id='line_1_16' title="bbox 195 3786 1274 3891; baseline 0.001 -20"><span class='ocrx_word' id='word_1_94' title='bbox 195 3858 201 3871; x_wconf 86' lang='lat'><strong><em>.</em></strong></span> <span class='ocrx_word' id='word_1_95' title='bbox 261 3786 732 3891; x_wconf 73' lang='lat' dir='ltr'>suspicabatur&#39;exsistere³;</span> <span class='ocrx_word' id='word_1_96' title='bbox 752 3824 822 3871; x_wconf 88' lang='lat' dir='ltr'>non</span> <span class='ocrx_word' id='word_1_97' title='bbox 840 3807 933 3889; x_wconf 85' lang='lat' dir='ltr'>quod</span> <span class='ocrx_word' id='word_1_98' title='bbox 953 3806 987 3871; x_wconf 84' lang='lat' dir='ltr'>in</span> <span class='ocrx_word' id='word_1_99' title='bbox 1004 3806 1066 3883; x_wconf 85' lang='lat' dir='ltr'>eis,</span> <span class='ocrx_word' id='word_1_100' title='bbox 1088 3824 1168 3891; x_wconf 74' lang='lat' dir='ltr'>quae</span> <span class='ocrx_word' id='word_1_101' title='bbox 1188 3824 1274 3890; x_wconf 79' lang='lat' dir='ltr'>quo-</span> 
     </span>
     <span class='ocr_line' id='line_1_17' title="bbox 260 3921 1272 4009; baseline 0.003 -22"><span class='ocrx_word' id='word_1_102' title='bbox 260 3923 342 3988; x_wconf 84' lang='lat' dir='ltr'>tidie</span> <span class='ocrx_word' id='word_1_103' title='bbox 368 3929 571 4002; x_wconf 88' lang='lat' dir='ltr'>cernuntur,</span> <span class='ocrx_word' id='word_1_104' title='bbox 594 3922 721 4009; x_wconf 80' lang='lat' dir='ltr'>‹prietis</span> <span class='ocrx_word' id='word_1_105' title='bbox 749 3921 901 4006; x_wconf 84' lang='lat' dir='ltr'>speciem</span> <span class='ocrx_word' id='word_1_106' title='bbox 928 3922 1115 4006; x_wconf 75' lang='lat' dir='ltr'>‹priarurlam</span> <span class='ocrx_word' id='word_1_107' title='bbox 1147 3944 1272 3990; x_wconf 81' lang='lat' dir='ltr'>sensus</span> 
     </span>
     <span class='ocr_line' id='line_1_18' title="bbox 260 4037 1275 4127; baseline -0.001 -21"><span class='ocrx_word' id='word_1_108' title='bbox 260 4044 401 4108; x_wconf 82' lang='lat' dir='ltr'>nostros</span> <span class='ocrx_word' id='word_1_109' title='bbox 424 4041 615 4127; x_wconf 82' lang='lat' dir='ltr'>percellere</span> <span class='ocrx_word' id='word_1_110' title='bbox 639 4042 798 4122; x_wconf 62' lang='lat' dir='ltr'>negaret,</span> <span class='ocrx_word' id='word_1_111' title='bbox 822 4037 883 4103; x_wconf 86' lang='lat' dir='ltr'>sed</span> <span class='ocrx_word' id='word_1_112' title='bbox 907 4039 1057 4125; x_wconf 81' lang='lat' dir='ltr'>speciem</span> <span class='ocrx_word' id='word_1_113' title='bbox 1086 4038 1179 4104; x_wconf 77' lang='lat' dir='ltr'>illarii</span> <span class='ocrx_word' id='word_1_114' title='bbox 1212 4060 1275 4124; x_wconf 86' lang='lat' dir='ltr'>pro</span> 
     </span>
    </p>

    <p class='ocr_par' dir='ltr' id='par_1_7' title="bbox 550 4134 558 4157">
     <span class='ocr_line' id='line_1_19' title="bbox 550 4134 558 4157; baseline 0 0"><span class='ocrx_word' id='word_1_115' title='bbox 550 4134 558 4157; x_wconf 85' lang='lat'><strong>.</strong></span> 
     </span>
    </p>
   </div>
   <div class='ocr_carea' id='block_1_7' title="bbox 297 4273 666 4450">
    <p class='ocr_par' dir='ltr' id='par_1_8' title="bbox 297 4273 666 4450">
     <span class='ocr_line' id='line_1_20' title="bbox 298 4273 666 4359; baseline 0 -13"><span class='ocrx_word' id='word_1_116' title='bbox 298 4289 306 4320; x_wconf 85' lang='lat'>¹</span> <span class='ocrx_word' id='word_1_117' title='bbox 326 4291 366 4346; x_wconf 83' lang='lat' dir='ltr'>Cl.</span> <span class='ocrx_word' id='word_1_118' title='bbox 381 4296 478 4355; x_wconf 71' lang='lat' dir='ltr'>Puro,</span> <span class='ocrx_word' id='word_1_119' title='bbox 498 4273 603 4359; x_wconf 65' lang='lat' dir='ltr'>l&#39;litet,</span> <span class='ocrx_word' id='word_1_120' title='bbox 618 4302 666 4347; x_wconf 76' lang='lat' dir='ltr'>tta.</span> 
     </span>
     <span class='ocr_line' id='line_1_21' title="bbox 297 4382 637 4450; baseline -0.006 -9"><span class='ocrx_word' id='word_1_121' title='bbox 297 4382 307 4411; x_wconf 89' lang='lat'><strong>¹</strong></span> <span class='ocrx_word' id='word_1_122' title='bbox 327 4387 369 4442; x_wconf 83' lang='lat' dir='ltr'>Cl.</span> <span class='ocrx_word' id='word_1_123' title='bbox 385 4386 420 4437; x_wconf 68' lang='lat' dir='ltr'>rc</span> <span class='ocrx_word' id='word_1_124' title='bbox 434 4425 440 4447; x_wconf 86' lang='lat'>‚</span> <span class='ocrx_word' id='word_1_125' title='bbox 455 4384 555 4441; x_wconf 65' lang='lat' dir='ltr'>fleam</span> <span class='ocrx_word' id='word_1_126' title='bbox 568 4425 576 4450; x_wconf 89' lang='lat'>,</span> <span class='ocrx_word' id='word_1_127' title='bbox 590 4394 637 4439; x_wconf 79' lang='lat' dir='ltr'>l5tt.</span> 
     </span>
    </p>
   </div>
   <div class='ocr_carea' id='block_1_8' title="bbox 0 0 1582 5220">
    <p class='ocr_par' dir='ltr' id='par_1_9' title="bbox 0 0 1582 5220">
     <span class='ocr_line' id='line_1_22' title="bbox 0 0 1582 5220; baseline 0 0"><span class='ocrx_word' id='word_1_128' title='bbox 0 0 1582 5220; x_wconf 95' lang='lat' dir='ltr'> </span> 
     </span>
    </p>
   </div>
  </div>
 </body>
</html>
